<?xml version="1.0" encoding="UTF-8"?><collection xmlns="http://www.loc.gov/MARC21/slim"><record><leader>00525nam--2200193-i-4500</leader><controlfield tag="001">000033977</controlfield><controlfield tag="002">20161230</controlfield><controlfield tag="005">20161230201039</controlfield><controlfield tag="008">060222s1000------------r-----000-0-eng-d</controlfield><datafield ind1=" " ind2=" " tag="020"><subfield code="a">0444414630</subfield></datafield><datafield ind1=" " ind2=" " tag="040"><subfield code="a">IFIN-HH</subfield></datafield><datafield ind1=" " ind2=" " tag="080"><subfield code="a">537.312.5</subfield></datafield><datafield ind1="1" ind2=" " tag="100"><subfield code="a">Mort, J./S.A.</subfield></datafield><datafield ind1="1" ind2="0" tag="245"><subfield code="a">Photoconductivity and related phenomena</subfield><subfield code="c">J. mort; d.m. pai</subfield></datafield><datafield ind1=" " ind2=" " tag="260"><subfield code="a">Amsterdam</subfield><subfield code="b">Elsevier Scientific Publishing Company</subfield><subfield code="c">1976</subfield></datafield><datafield ind1=" " ind2=" " tag="300"><subfield code="a">XIII + 502P</subfield></datafield><datafield ind1="1" ind2=" " tag="700"><subfield code="a">Pai, D.M</subfield></datafield><datafield ind1=" " ind2=" " tag="852"><subfield code="a">77355</subfield><subfield code="c">537:538</subfield></datafield><datafield ind1=" " ind2=" " tag="CAT"><subfield code="a">Sys</subfield><subfield code="c">20110629</subfield><subfield code="h">140454</subfield></datafield></record></collection>